%YAML 1.1
%TAG !u! tag:unity3d.com,2011:
--- !u!29 &1
OcclusionCullingSettings:
  m_ObjectHideFlags: 0
  serializedVersion: 2
  m_OcclusionBakeSettings:
    smallestOccluder: 5
    smallestHole: 0.25
    backfaceThreshold: 100
  m_SceneGUID: 00000000000000000000000000000000
  m_OcclusionCullingData: {fileID: 0}
--- !u!104 &2
RenderSettings:
  m_ObjectHideFlags: 0
  serializedVersion: 9
  m_Fog: 0
  m_FogColor: {r: 0.5, g: 0.5, b: 0.5, a: 1}
  m_FogMode: 3
  m_FogDensity: 0.01
  m_LinearFogStart: 0
  m_LinearFogEnd: 300
  m_AmbientSkyColor: {r: 0.212, g: 0.227, b: 0.259, a: 1}
  m_AmbientEquatorColor: {r: 0.114, g: 0.125, b: 0.133, a: 1}
  m_AmbientGroundColor: {r: 0.047, g: 0.043, b: 0.035, a: 1}
  m_AmbientIntensity: 0
  m_AmbientMode: 0
  m_SubtractiveShadowColor: {r: 0.42, g: 0.478, b: 0.627, a: 1}
  m_SkyboxMaterial: {fileID: 2100000, guid: 493bfb50af5d9424da505ba945c86600, type: 2}
  m_HaloStrength: 0.5
  m_FlareStrength: 1
  m_FlareFadeSpeed: 3
  m_HaloTexture: {fileID: 0}
  m_SpotCookie: {fileID: 10001, guid: 0000000000000000e000000000000000, type: 0}
  m_DefaultReflectionMode: 0
  m_DefaultReflectionResolution: 128
  m_ReflectionBounces: 1
  m_ReflectionIntensity: 1
  m_CustomReflection: {fileID: 0}
  m_Sun: {fileID: 0}
  m_IndirectSpecularColor: {r: 0.0005254311, g: 0.0008225713, b: 0.33486402, a: 1}
  m_UseRadianceAmbientProbe: 0
--- !u!157 &3
LightmapSettings:
  m_ObjectHideFlags: 0
  serializedVersion: 11
  m_GIWorkflowMode: 0
  m_GISettings:
    serializedVersion: 2
    m_BounceScale: 1
    m_IndirectOutputScale: 1
    m_AlbedoBoost: 1
    m_TemporalCoherenceThreshold: 1
    m_EnvironmentLightingMode: 0
    m_EnableBakedLightmaps: 1
    m_EnableRealtimeLightmaps: 0
  m_LightmapEditorSettings:
    serializedVersion: 10
    m_Resolution: 2
    m_BakeResolution: 10
    m_AtlasSize: 512
    m_AO: 0
    m_AOMaxDistance: 1
    m_CompAOExponent: 1
    m_CompAOExponentDirect: 0
    m_Padding: 2
    m_LightmapParameters: {fileID: 0}
    m_LightmapsBakeMode: 1
    m_TextureCompression: 1
    m_FinalGather: 0
    m_FinalGatherFiltering: 1
    m_FinalGatherRayCount: 256
    m_ReflectionCompression: 2
    m_MixedBakeMode: 2
    m_BakeBackend: 1
    m_PVRSampling: 1
    m_PVRDirectSampleCount: 32
    m_PVRSampleCount: 256
    m_PVRBounces: 2
    m_PVRFilterTypeDirect: 0
    m_PVRFilterTypeIndirect: 0
    m_PVRFilterTypeAO: 0
    m_PVRFilteringMode: 1
    m_PVRCulling: 1
    m_PVRFilteringGaussRadiusDirect: 1
    m_PVRFilteringGaussRadiusIndirect: 5
    m_PVRFilteringGaussRadiusAO: 2
    m_PVRFilteringAtrousPositionSigmaDirect: 0.5
    m_PVRFilteringAtrousPositionSigmaIndirect: 2
    m_PVRFilteringAtrousPositionSigmaAO: 1
    m_ShowResolutionOverlay: 1
  m_LightingDataAsset: {fileID: 0}
  m_UseShadowmask: 1
--- !u!196 &4
NavMeshSettings:
  serializedVersion: 2
  m_ObjectHideFlags: 0
  m_BuildSettings:
    serializedVersion: 2
    agentTypeID: 0
    agentRadius: 0.5
    agentHeight: 2
    agentSlope: 45
    agentClimb: 0.4
    ledgeDropHeight: 0
    maxJumpAcrossDistance: 0
    minRegionArea: 2
    manualCellSize: 0
    cellSize: 0.16666667
    manualTileSize: 0
    tileSize: 256
    accuratePlacement: 0
    debug:
      m_Flags: 0
  m_NavMeshData: {fileID: 0}
--- !u!1 &152959157
GameObject:
  m_ObjectHideFlags: 0
  m_CorrespondingSourceObject: {fileID: 1856994346299674, guid: d2cb35ca6bf334f46abcfd3a2d018c0f,
    type: 2}
  m_PrefabInternal: {fileID: 0}
  serializedVersion: 6
  m_Component:
  - component: {fileID: 152959158}
  - component: {fileID: 152959161}
  - component: {fileID: 152959160}
  - component: {fileID: 152959159}
  m_Layer: 5
  m_Name: Canvas
  m_TagString: Untagged
  m_Icon: {fileID: 0}
  m_NavMeshLayer: 0
  m_StaticEditorFlags: 0
  m_IsActive: 1
--- !u!224 &152959158
RectTransform:
  m_ObjectHideFlags: 0
  m_CorrespondingSourceObject: {fileID: 224629997856719228, guid: d2cb35ca6bf334f46abcfd3a2d018c0f,
    type: 2}
  m_PrefabInternal: {fileID: 0}
  m_GameObject: {fileID: 152959157}
  m_LocalRotation: {x: 0, y: 0, z: 0, w: 1}
  m_LocalPosition: {x: 0, y: 0, z: 0}
  m_LocalScale: {x: 0, y: 0, z: 0}
  m_Children:
  - {fileID: 504767504}
  - {fileID: 319039199}
  - {fileID: 1974211611}
  - {fileID: 208328125}
  - {fileID: 532749244}
  m_Father: {fileID: 505201734}
  m_RootOrder: 0
  m_LocalEulerAnglesHint: {x: 0, y: 0, z: 0}
  m_AnchorMin: {x: 0, y: 0}
  m_AnchorMax: {x: 0, y: 0}
  m_AnchoredPosition: {x: 0, y: 0}
  m_SizeDelta: {x: 0, y: 0}
  m_Pivot: {x: 0, y: 0}
--- !u!114 &152959159
MonoBehaviour:
  m_ObjectHideFlags: 0
  m_CorrespondingSourceObject: {fileID: 114116005777648226, guid: d2cb35ca6bf334f46abcfd3a2d018c0f,
    type: 2}
  m_PrefabInternal: {fileID: 0}
  m_GameObject: {fileID: 152959157}
  m_Enabled: 1
  m_EditorHideFlags: 0
  m_Script: {fileID: 1301386320, guid: f70555f144d8491a825f0804e09c671c, type: 3}
  m_Name: 
  m_EditorClassIdentifier: 
  m_IgnoreReversedGraphics: 1
  m_BlockingObjects: 0
  m_BlockingMask:
    serializedVersion: 2
    m_Bits: 4294967295
--- !u!114 &152959160
MonoBehaviour:
  m_ObjectHideFlags: 0
  m_CorrespondingSourceObject: {fileID: 114343950181751862, guid: d2cb35ca6bf334f46abcfd3a2d018c0f,
    type: 2}
  m_PrefabInternal: {fileID: 0}
  m_GameObject: {fileID: 152959157}
  m_Enabled: 1
  m_EditorHideFlags: 0
  m_Script: {fileID: 1980459831, guid: f70555f144d8491a825f0804e09c671c, type: 3}
  m_Name: 
  m_EditorClassIdentifier: 
  m_UiScaleMode: 0
  m_ReferencePixelsPerUnit: 100
  m_ScaleFactor: 1
  m_ReferenceResolution: {x: 800, y: 600}
  m_ScreenMatchMode: 0
  m_MatchWidthOrHeight: 0
  m_PhysicalUnit: 3
  m_FallbackScreenDPI: 96
  m_DefaultSpriteDPI: 96
  m_DynamicPixelsPerUnit: 1
--- !u!223 &152959161
Canvas:
  m_ObjectHideFlags: 0
  m_CorrespondingSourceObject: {fileID: 223904007248195860, guid: d2cb35ca6bf334f46abcfd3a2d018c0f,
    type: 2}
  m_PrefabInternal: {fileID: 0}
  m_GameObject: {fileID: 152959157}
  m_Enabled: 1
  serializedVersion: 3
  m_RenderMode: 0
  m_Camera: {fileID: 0}
  m_PlaneDistance: 100
  m_PixelPerfect: 0
  m_ReceivesEvents: 1
  m_OverrideSorting: 0
  m_OverridePixelPerfect: 0
  m_SortingBucketNormalizedSize: 0
  m_AdditionalShaderChannelsFlag: 0
  m_SortingLayerID: 0
  m_SortingOrder: 0
  m_TargetDisplay: 0
--- !u!1 &170076733
GameObject:
  m_ObjectHideFlags: 0
  m_CorrespondingSourceObject: {fileID: 0}
  m_PrefabInternal: {fileID: 0}
  serializedVersion: 6
  m_Component:
  - component: {fileID: 170076735}
  - component: {fileID: 170076734}
  m_Layer: 0
  m_Name: Upper Directional Light
  m_TagString: Untagged
  m_Icon: {fileID: 0}
  m_NavMeshLayer: 0
  m_StaticEditorFlags: 0
  m_IsActive: 1
--- !u!108 &170076734
Light:
  m_ObjectHideFlags: 0
  m_CorrespondingSourceObject: {fileID: 0}
  m_PrefabInternal: {fileID: 0}
  m_GameObject: {fileID: 170076733}
  m_Enabled: 1
  serializedVersion: 8
  m_Type: 1
  m_Color: {r: 1, g: 1, b: 1, a: 1}
  m_Intensity: 1.62
  m_Range: 10
  m_SpotAngle: 30
  m_CookieSize: 10
  m_Shadows:
    m_Type: 2
    m_Resolution: -1
    m_CustomResolution: -1
    m_Strength: 1
    m_Bias: 0.05
    m_NormalBias: 0.4
    m_NearPlane: 0.2
  m_Cookie: {fileID: 0}
  m_DrawHalo: 0
  m_Flare: {fileID: 0}
  m_RenderMode: 0
  m_CullingMask:
    serializedVersion: 2
    m_Bits: 4294967295
  m_Lightmapping: 1
  m_LightShadowCasterMode: 0
  m_AreaSize: {x: 1, y: 1}
  m_BounceIntensity: 1
  m_ColorTemperature: 6570
  m_UseColorTemperature: 0
  m_ShadowRadius: 0
  m_ShadowAngle: 0
--- !u!4 &170076735
Transform:
  m_ObjectHideFlags: 0
  m_CorrespondingSourceObject: {fileID: 0}
  m_PrefabInternal: {fileID: 0}
  m_GameObject: {fileID: 170076733}
  m_LocalRotation: {x: 0.40821788, y: -0.23456968, z: 0.10938163, w: 0.8754261}
  m_LocalPosition: {x: 0, y: 3, z: 0}
  m_LocalScale: {x: 1, y: 1, z: 1}
  m_Children: []
  m_Father: {fileID: 0}
  m_RootOrder: 1
  m_LocalEulerAnglesHint: {x: 50, y: -30, z: 0}
--- !u!1 &208328124
GameObject:
  m_ObjectHideFlags: 0
  m_CorrespondingSourceObject: {fileID: 1184473001963716, guid: d2cb35ca6bf334f46abcfd3a2d018c0f,
    type: 2}
  m_PrefabInternal: {fileID: 0}
  serializedVersion: 6
  m_Component:
  - component: {fileID: 208328125}
  - component: {fileID: 208328128}
  - component: {fileID: 208328127}
  - component: {fileID: 208328126}
  m_Layer: 5
  m_Name: Button Restart
  m_TagString: Untagged
  m_Icon: {fileID: 0}
  m_NavMeshLayer: 0
  m_StaticEditorFlags: 0
  m_IsActive: 0
--- !u!224 &208328125
RectTransform:
  m_ObjectHideFlags: 0
  m_CorrespondingSourceObject: {fileID: 224439200787565668, guid: d2cb35ca6bf334f46abcfd3a2d018c0f,
    type: 2}
  m_PrefabInternal: {fileID: 0}
  m_GameObject: {fileID: 208328124}
  m_LocalRotation: {x: -0, y: -0, z: -0, w: 1}
  m_LocalPosition: {x: 0, y: 0, z: 0}
  m_LocalScale: {x: 1, y: 1, z: 1}
  m_Children:
  - {fileID: 1736952555}
  m_Father: {fileID: 152959158}
  m_RootOrder: 3
  m_LocalEulerAnglesHint: {x: 0, y: 0, z: 0}
  m_AnchorMin: {x: 0.5, y: 0.5}
  m_AnchorMax: {x: 0.5, y: 0.5}
  m_AnchoredPosition: {x: 0, y: 0}
  m_SizeDelta: {x: 160, y: 45}
  m_Pivot: {x: 0.5, y: 0.5}
--- !u!114 &208328126
MonoBehaviour:
  m_ObjectHideFlags: 0
  m_CorrespondingSourceObject: {fileID: 114302699498589026, guid: d2cb35ca6bf334f46abcfd3a2d018c0f,
    type: 2}
  m_PrefabInternal: {fileID: 0}
  m_GameObject: {fileID: 208328124}
  m_Enabled: 1
  m_EditorHideFlags: 0
  m_Script: {fileID: 1392445389, guid: f70555f144d8491a825f0804e09c671c, type: 3}
  m_Name: 
  m_EditorClassIdentifier: 
  m_Navigation:
    m_Mode: 3
    m_SelectOnUp: {fileID: 0}
    m_SelectOnDown: {fileID: 0}
    m_SelectOnLeft: {fileID: 0}
    m_SelectOnRight: {fileID: 0}
  m_Transition: 1
  m_Colors:
    m_NormalColor: {r: 1, g: 1, b: 1, a: 1}
    m_HighlightedColor: {r: 0.9607843, g: 0.9607843, b: 0.9607843, a: 1}
    m_PressedColor: {r: 0.78431374, g: 0.78431374, b: 0.78431374, a: 1}
    m_DisabledColor: {r: 0.78431374, g: 0.78431374, b: 0.78431374, a: 0.5019608}
    m_ColorMultiplier: 1
    m_FadeDuration: 0.1
  m_SpriteState:
    m_HighlightedSprite: {fileID: 0}
    m_PressedSprite: {fileID: 0}
    m_DisabledSprite: {fileID: 0}
  m_AnimationTriggers:
    m_NormalTrigger: Normal
    m_HighlightedTrigger: Highlighted
    m_PressedTrigger: Pressed
    m_DisabledTrigger: Disabled
  m_Interactable: 1
  m_TargetGraphic: {fileID: 208328127}
  m_OnClick:
    m_PersistentCalls:
      m_Calls:
      - m_Target: {fileID: 1450448343}
        m_MethodName: Restart
        m_Mode: 1
        m_Arguments:
          m_ObjectArgument: {fileID: 0}
          m_ObjectArgumentAssemblyTypeName: UnityEngine.Object, UnityEngine
          m_IntArgument: 0
          m_FloatArgument: 0
          m_StringArgument: Restart
          m_BoolArgument: 0
        m_CallState: 2
    m_TypeName: UnityEngine.UI.Button+ButtonClickedEvent, UnityEngine.UI, Version=1.0.0.0,
      Culture=neutral, PublicKeyToken=null
--- !u!114 &208328127
MonoBehaviour:
  m_ObjectHideFlags: 0
  m_CorrespondingSourceObject: {fileID: 114193214890400418, guid: d2cb35ca6bf334f46abcfd3a2d018c0f,
    type: 2}
  m_PrefabInternal: {fileID: 0}
  m_GameObject: {fileID: 208328124}
  m_Enabled: 1
  m_EditorHideFlags: 0
  m_Script: {fileID: -765806418, guid: f70555f144d8491a825f0804e09c671c, type: 3}
  m_Name: 
  m_EditorClassIdentifier: 
  m_Material: {fileID: 0}
  m_Color: {r: 1, g: 1, b: 1, a: 0.32156864}
  m_RaycastTarget: 1
  m_OnCullStateChanged:
    m_PersistentCalls:
      m_Calls: []
    m_TypeName: UnityEngine.UI.MaskableGraphic+CullStateChangedEvent, UnityEngine.UI,
      Version=1.0.0.0, Culture=neutral, PublicKeyToken=null
  m_Sprite: {fileID: 10905, guid: 0000000000000000f000000000000000, type: 0}
  m_Type: 1
  m_PreserveAspect: 0
  m_FillCenter: 1
  m_FillMethod: 4
  m_FillAmount: 1
  m_FillClockwise: 1
  m_FillOrigin: 0
--- !u!222 &208328128
CanvasRenderer:
  m_ObjectHideFlags: 0
  m_CorrespondingSourceObject: {fileID: 222941451129994666, guid: d2cb35ca6bf334f46abcfd3a2d018c0f,
    type: 2}
  m_PrefabInternal: {fileID: 0}
  m_GameObject: {fileID: 208328124}
  m_CullTransparentMesh: 0
--- !u!1 &319039196
GameObject:
  m_ObjectHideFlags: 0
  m_CorrespondingSourceObject: {fileID: 1166867775199090, guid: d2cb35ca6bf334f46abcfd3a2d018c0f,
    type: 2}
  m_PrefabInternal: {fileID: 0}
  serializedVersion: 6
  m_Component:
  - component: {fileID: 319039199}
  - component: {fileID: 319039198}
  - component: {fileID: 319039197}
  m_Layer: 5
  m_Name: Level
  m_TagString: Untagged
  m_Icon: {fileID: 0}
  m_NavMeshLayer: 0
  m_StaticEditorFlags: 0
  m_IsActive: 1
--- !u!114 &319039197
MonoBehaviour:
  m_ObjectHideFlags: 0
  m_CorrespondingSourceObject: {fileID: 114222108726897078, guid: d2cb35ca6bf334f46abcfd3a2d018c0f,
    type: 2}
  m_PrefabInternal: {fileID: 0}
  m_GameObject: {fileID: 319039196}
  m_Enabled: 1
  m_EditorHideFlags: 0
  m_Script: {fileID: 708705254, guid: f70555f144d8491a825f0804e09c671c, type: 3}
  m_Name: 
  m_EditorClassIdentifier: 
  m_Material: {fileID: 0}
  m_Color: {r: 1, g: 1, b: 1, a: 1}
  m_RaycastTarget: 1
  m_OnCullStateChanged:
    m_PersistentCalls:
      m_Calls: []
    m_TypeName: UnityEngine.UI.MaskableGraphic+CullStateChangedEvent, UnityEngine.UI,
      Version=1.0.0.0, Culture=neutral, PublicKeyToken=null
  m_FontData:
    m_Font: {fileID: 10102, guid: 0000000000000000e000000000000000, type: 0}
    m_FontSize: 14
    m_FontStyle: 0
    m_BestFit: 1
    m_MinSize: 10
    m_MaxSize: 40
    m_Alignment: 4
    m_AlignByGeometry: 0
    m_RichText: 1
    m_HorizontalOverflow: 0
    m_VerticalOverflow: 0
    m_LineSpacing: 1
  m_Text: 
--- !u!222 &319039198
CanvasRenderer:
  m_ObjectHideFlags: 0
  m_CorrespondingSourceObject: {fileID: 222514731729635820, guid: d2cb35ca6bf334f46abcfd3a2d018c0f,
    type: 2}
  m_PrefabInternal: {fileID: 0}
  m_GameObject: {fileID: 319039196}
  m_CullTransparentMesh: 0
--- !u!224 &319039199
RectTransform:
  m_ObjectHideFlags: 0
  m_CorrespondingSourceObject: {fileID: 224163360605336514, guid: d2cb35ca6bf334f46abcfd3a2d018c0f,
    type: 2}
  m_PrefabInternal: {fileID: 0}
  m_GameObject: {fileID: 319039196}
  m_LocalRotation: {x: -0, y: -0, z: -0, w: 1}
  m_LocalPosition: {x: 0, y: 0, z: 0}
  m_LocalScale: {x: 1, y: 1, z: 1}
  m_Children: []
  m_Father: {fileID: 152959158}
  m_RootOrder: 1
  m_LocalEulerAnglesHint: {x: 0, y: 0, z: 0}
  m_AnchorMin: {x: 0, y: 1}
  m_AnchorMax: {x: 0, y: 1}
  m_AnchoredPosition: {x: 0, y: -20}
  m_SizeDelta: {x: 120, y: 30}
  m_Pivot: {x: 0, y: 1}
--- !u!1001 &378322493
Prefab:
  m_ObjectHideFlags: 0
  serializedVersion: 2
  m_Modification:
    m_TransformParent: {fileID: 713335531}
    m_Modifications:
    - target: {fileID: 4199323770367042, guid: 2bcb19245a7924f86922f92f42a2ebb1, type: 2}
      propertyPath: m_LocalPosition.x
      value: 12.29
      objectReference: {fileID: 0}
    - target: {fileID: 4199323770367042, guid: 2bcb19245a7924f86922f92f42a2ebb1, type: 2}
      propertyPath: m_LocalPosition.y
      value: -8.51
      objectReference: {fileID: 0}
    - target: {fileID: 4199323770367042, guid: 2bcb19245a7924f86922f92f42a2ebb1, type: 2}
      propertyPath: m_LocalPosition.z
      value: -0.43406487
      objectReference: {fileID: 0}
    - target: {fileID: 4199323770367042, guid: 2bcb19245a7924f86922f92f42a2ebb1, type: 2}
      propertyPath: m_LocalRotation.x
      value: -0
      objectReference: {fileID: 0}
    - target: {fileID: 4199323770367042, guid: 2bcb19245a7924f86922f92f42a2ebb1, type: 2}
      propertyPath: m_LocalRotation.y
      value: -0
      objectReference: {fileID: 0}
    - target: {fileID: 4199323770367042, guid: 2bcb19245a7924f86922f92f42a2ebb1, type: 2}
      propertyPath: m_LocalRotation.z
      value: -0
      objectReference: {fileID: 0}
    - target: {fileID: 4199323770367042, guid: 2bcb19245a7924f86922f92f42a2ebb1, type: 2}
      propertyPath: m_LocalRotation.w
      value: 1
      objectReference: {fileID: 0}
    - target: {fileID: 4199323770367042, guid: 2bcb19245a7924f86922f92f42a2ebb1, type: 2}
      propertyPath: m_RootOrder
      value: 3
      objectReference: {fileID: 0}
    - target: {fileID: 1167100373942564, guid: 2bcb19245a7924f86922f92f42a2ebb1, type: 2}
      propertyPath: m_Name
      value: Node4
      objectReference: {fileID: 0}
    - target: {fileID: 4199323770367042, guid: 2bcb19245a7924f86922f92f42a2ebb1, type: 2}
      propertyPath: m_LocalScale.x
      value: 0.1
      objectReference: {fileID: 0}
    - target: {fileID: 4199323770367042, guid: 2bcb19245a7924f86922f92f42a2ebb1, type: 2}
      propertyPath: m_LocalScale.y
      value: 0.1
      objectReference: {fileID: 0}
    - target: {fileID: 4199323770367042, guid: 2bcb19245a7924f86922f92f42a2ebb1, type: 2}
      propertyPath: m_LocalScale.z
      value: 0.1
      objectReference: {fileID: 0}
    m_RemovedComponents: []
  m_SourcePrefab: {fileID: 100100000, guid: 2bcb19245a7924f86922f92f42a2ebb1, type: 2}
  m_IsPrefabAsset: 0
--- !u!4 &378322494 stripped
Transform:
  m_CorrespondingSourceObject: {fileID: 4199323770367042, guid: 2bcb19245a7924f86922f92f42a2ebb1,
    type: 2}
  m_PrefabInternal: {fileID: 378322493}
--- !u!1 &378322495 stripped
GameObject:
  m_CorrespondingSourceObject: {fileID: 1167100373942564, guid: 2bcb19245a7924f86922f92f42a2ebb1,
    type: 2}
  m_PrefabInternal: {fileID: 378322493}
--- !u!1 &504767503
GameObject:
  m_ObjectHideFlags: 0
  m_CorrespondingSourceObject: {fileID: 1166867775199090, guid: d2cb35ca6bf334f46abcfd3a2d018c0f,
    type: 2}
  m_PrefabInternal: {fileID: 0}
  serializedVersion: 6
  m_Component:
  - component: {fileID: 504767504}
  - component: {fileID: 504767506}
  - component: {fileID: 504767505}
  m_Layer: 5
  m_Name: Time
  m_TagString: Untagged
  m_Icon: {fileID: 0}
  m_NavMeshLayer: 0
  m_StaticEditorFlags: 0
  m_IsActive: 1
--- !u!224 &504767504
RectTransform:
  m_ObjectHideFlags: 0
  m_CorrespondingSourceObject: {fileID: 224163360605336514, guid: d2cb35ca6bf334f46abcfd3a2d018c0f,
    type: 2}
  m_PrefabInternal: {fileID: 0}
  m_GameObject: {fileID: 504767503}
  m_LocalRotation: {x: 0, y: 0, z: 0, w: 1}
  m_LocalPosition: {x: 0, y: 0, z: 0}
  m_LocalScale: {x: 1, y: 1, z: 1}
  m_Children: []
  m_Father: {fileID: 152959158}
  m_RootOrder: 0
  m_LocalEulerAnglesHint: {x: 0, y: 0, z: 0}
  m_AnchorMin: {x: 0.5, y: 1}
  m_AnchorMax: {x: 0.5, y: 1}
  m_AnchoredPosition: {x: 0, y: -20}
  m_SizeDelta: {x: 350, y: 30}
  m_Pivot: {x: 0.5, y: 1}
--- !u!114 &504767505
MonoBehaviour:
  m_ObjectHideFlags: 0
  m_CorrespondingSourceObject: {fileID: 114222108726897078, guid: d2cb35ca6bf334f46abcfd3a2d018c0f,
    type: 2}
  m_PrefabInternal: {fileID: 0}
  m_GameObject: {fileID: 504767503}
  m_Enabled: 1
  m_EditorHideFlags: 0
  m_Script: {fileID: 708705254, guid: f70555f144d8491a825f0804e09c671c, type: 3}
  m_Name: 
  m_EditorClassIdentifier: 
  m_Material: {fileID: 0}
  m_Color: {r: 1, g: 1, b: 1, a: 1}
  m_RaycastTarget: 1
  m_OnCullStateChanged:
    m_PersistentCalls:
      m_Calls: []
    m_TypeName: UnityEngine.UI.MaskableGraphic+CullStateChangedEvent, UnityEngine.UI,
      Version=1.0.0.0, Culture=neutral, PublicKeyToken=null
  m_FontData:
    m_Font: {fileID: 10102, guid: 0000000000000000e000000000000000, type: 0}
    m_FontSize: 14
    m_FontStyle: 0
    m_BestFit: 1
    m_MinSize: 10
    m_MaxSize: 40
    m_Alignment: 4
    m_AlignByGeometry: 0
    m_RichText: 1
    m_HorizontalOverflow: 0
    m_VerticalOverflow: 0
    m_LineSpacing: 1
  m_Text: 
--- !u!222 &504767506
CanvasRenderer:
  m_ObjectHideFlags: 0
  m_CorrespondingSourceObject: {fileID: 222514731729635820, guid: d2cb35ca6bf334f46abcfd3a2d018c0f,
    type: 2}
  m_PrefabInternal: {fileID: 0}
  m_GameObject: {fileID: 504767503}
  m_CullTransparentMesh: 0
--- !u!1 &505201733
GameObject:
  m_ObjectHideFlags: 0
  m_CorrespondingSourceObject: {fileID: 1613181521856782, guid: d2cb35ca6bf334f46abcfd3a2d018c0f,
    type: 2}
  m_PrefabInternal: {fileID: 0}
  serializedVersion: 6
  m_Component:
  - component: {fileID: 505201734}
  m_Layer: 0
  m_Name: UI
  m_TagString: Untagged
  m_Icon: {fileID: 0}
  m_NavMeshLayer: 0
  m_StaticEditorFlags: 0
  m_IsActive: 1
--- !u!4 &505201734
Transform:
  m_ObjectHideFlags: 0
  m_CorrespondingSourceObject: {fileID: 4797883722389280, guid: d2cb35ca6bf334f46abcfd3a2d018c0f,
    type: 2}
  m_PrefabInternal: {fileID: 0}
  m_GameObject: {fileID: 505201733}
  m_LocalRotation: {x: 0, y: 0, z: 0, w: 1}
  m_LocalPosition: {x: 0, y: 0, z: 0}
  m_LocalScale: {x: 1, y: 1, z: 1}
  m_Children:
  - {fileID: 152959158}
  - {fileID: 929795508}
  m_Father: {fileID: 0}
  m_RootOrder: 3
  m_LocalEulerAnglesHint: {x: 0, y: 0, z: 0}
--- !u!1 &532749243
GameObject:
  m_ObjectHideFlags: 0
  m_CorrespondingSourceObject: {fileID: 1082112427659174, guid: d2cb35ca6bf334f46abcfd3a2d018c0f,
    type: 2}
  m_PrefabInternal: {fileID: 0}
  serializedVersion: 6
  m_Component:
  - component: {fileID: 532749244}
  - component: {fileID: 532749247}
  - component: {fileID: 532749246}
  - component: {fileID: 532749245}
  m_Layer: 5
  m_Name: Button Next Level
  m_TagString: Untagged
  m_Icon: {fileID: 0}
  m_NavMeshLayer: 0
  m_StaticEditorFlags: 0
  m_IsActive: 0
--- !u!224 &532749244
RectTransform:
  m_ObjectHideFlags: 0
  m_CorrespondingSourceObject: {fileID: 224091531822625198, guid: d2cb35ca6bf334f46abcfd3a2d018c0f,
    type: 2}
  m_PrefabInternal: {fileID: 0}
  m_GameObject: {fileID: 532749243}
  m_LocalRotation: {x: -0, y: -0, z: -0, w: 1}
  m_LocalPosition: {x: 0, y: 0, z: 0}
  m_LocalScale: {x: 1, y: 1, z: 1}
  m_Children:
  - {fileID: 1855950385}
  m_Father: {fileID: 152959158}
  m_RootOrder: 4
  m_LocalEulerAnglesHint: {x: 0, y: 0, z: 0}
  m_AnchorMin: {x: 0.5, y: 0.5}
  m_AnchorMax: {x: 0.5, y: 0.5}
  m_AnchoredPosition: {x: 0, y: 0}
  m_SizeDelta: {x: 160, y: 45}
  m_Pivot: {x: 0.5, y: 0.5}
--- !u!114 &532749245
MonoBehaviour:
  m_ObjectHideFlags: 0
  m_CorrespondingSourceObject: {fileID: 114024319266549960, guid: d2cb35ca6bf334f46abcfd3a2d018c0f,
    type: 2}
  m_PrefabInternal: {fileID: 0}
  m_GameObject: {fileID: 532749243}
  m_Enabled: 1
  m_EditorHideFlags: 0
  m_Script: {fileID: 1392445389, guid: f70555f144d8491a825f0804e09c671c, type: 3}
  m_Name: 
  m_EditorClassIdentifier: 
  m_Navigation:
    m_Mode: 3
    m_SelectOnUp: {fileID: 0}
    m_SelectOnDown: {fileID: 0}
    m_SelectOnLeft: {fileID: 0}
    m_SelectOnRight: {fileID: 0}
  m_Transition: 1
  m_Colors:
    m_NormalColor: {r: 1, g: 1, b: 1, a: 1}
    m_HighlightedColor: {r: 0.9607843, g: 0.9607843, b: 0.9607843, a: 1}
    m_PressedColor: {r: 0.78431374, g: 0.78431374, b: 0.78431374, a: 1}
    m_DisabledColor: {r: 0.78431374, g: 0.78431374, b: 0.78431374, a: 0.5019608}
    m_ColorMultiplier: 1
    m_FadeDuration: 0.1
  m_SpriteState:
    m_HighlightedSprite: {fileID: 0}
    m_PressedSprite: {fileID: 0}
    m_DisabledSprite: {fileID: 0}
  m_AnimationTriggers:
    m_NormalTrigger: Normal
    m_HighlightedTrigger: Highlighted
    m_PressedTrigger: Pressed
    m_DisabledTrigger: Disabled
  m_Interactable: 1
  m_TargetGraphic: {fileID: 532749246}
  m_OnClick:
    m_PersistentCalls:
      m_Calls:
      - m_Target: {fileID: 1450448343}
        m_MethodName: NextLevel
        m_Mode: 1
        m_Arguments:
          m_ObjectArgument: {fileID: 0}
          m_ObjectArgumentAssemblyTypeName: UnityEngine.Object, UnityEngine
          m_IntArgument: 0
          m_FloatArgument: 0
          m_StringArgument: 
          m_BoolArgument: 0
        m_CallState: 2
    m_TypeName: UnityEngine.UI.Button+ButtonClickedEvent, UnityEngine.UI, Version=1.0.0.0,
      Culture=neutral, PublicKeyToken=null
--- !u!114 &532749246
MonoBehaviour:
  m_ObjectHideFlags: 0
  m_CorrespondingSourceObject: {fileID: 114359414521559378, guid: d2cb35ca6bf334f46abcfd3a2d018c0f,
    type: 2}
  m_PrefabInternal: {fileID: 0}
  m_GameObject: {fileID: 532749243}
  m_Enabled: 1
  m_EditorHideFlags: 0
  m_Script: {fileID: -765806418, guid: f70555f144d8491a825f0804e09c671c, type: 3}
  m_Name: 
  m_EditorClassIdentifier: 
  m_Material: {fileID: 0}
  m_Color: {r: 1, g: 1, b: 1, a: 0.32156864}
  m_RaycastTarget: 1
  m_OnCullStateChanged:
    m_PersistentCalls:
      m_Calls: []
    m_TypeName: UnityEngine.UI.MaskableGraphic+CullStateChangedEvent, UnityEngine.UI,
      Version=1.0.0.0, Culture=neutral, PublicKeyToken=null
  m_Sprite: {fileID: 10905, guid: 0000000000000000f000000000000000, type: 0}
  m_Type: 1
  m_PreserveAspect: 0
  m_FillCenter: 1
  m_FillMethod: 4
  m_FillAmount: 1
  m_FillClockwise: 1
  m_FillOrigin: 0
--- !u!222 &532749247
CanvasRenderer:
  m_ObjectHideFlags: 0
  m_CorrespondingSourceObject: {fileID: 222715581566526780, guid: d2cb35ca6bf334f46abcfd3a2d018c0f,
    type: 2}
  m_PrefabInternal: {fileID: 0}
  m_GameObject: {fileID: 532749243}
  m_CullTransparentMesh: 0
--- !u!1 &534669902
GameObject:
  m_ObjectHideFlags: 0
  m_CorrespondingSourceObject: {fileID: 0}
  m_PrefabInternal: {fileID: 0}
  serializedVersion: 6
  m_Component:
  - component: {fileID: 534669905}
  - component: {fileID: 534669904}
  - component: {fileID: 534669903}
  m_Layer: 0
  m_Name: Main Camera
  m_TagString: MainCamera
  m_Icon: {fileID: 0}
  m_NavMeshLayer: 0
  m_StaticEditorFlags: 0
  m_IsActive: 1
--- !u!81 &534669903
AudioListener:
  m_ObjectHideFlags: 0
  m_CorrespondingSourceObject: {fileID: 0}
  m_PrefabInternal: {fileID: 0}
  m_GameObject: {fileID: 534669902}
  m_Enabled: 1
--- !u!20 &534669904
Camera:
  m_ObjectHideFlags: 0
  m_CorrespondingSourceObject: {fileID: 0}
  m_PrefabInternal: {fileID: 0}
  m_GameObject: {fileID: 534669902}
  m_Enabled: 1
  serializedVersion: 2
  m_ClearFlags: 1
  m_BackGroundColor: {r: 0.19215687, g: 0.3019608, b: 0.4745098, a: 0}
  m_projectionMatrixMode: 1
  m_SensorSize: {x: 36, y: 24}
  m_LensShift: {x: 0, y: 0}
  m_FocalLength: 50
  m_NormalizedViewPortRect:
    serializedVersion: 2
    x: 0
    y: 0
    width: 1
    height: 1
  near clip plane: 0.3
  far clip plane: 1000
  field of view: 60
  orthographic: 0
  orthographic size: 5
  m_Depth: -1
  m_CullingMask:
    serializedVersion: 2
    m_Bits: 4294967295
  m_RenderingPath: -1
  m_TargetTexture: {fileID: 0}
  m_TargetDisplay: 0
  m_TargetEye: 3
  m_HDR: 1
  m_AllowMSAA: 1
  m_AllowDynamicResolution: 0
  m_ForceIntoRT: 0
  m_OcclusionCulling: 1
  m_StereoConvergence: 10
  m_StereoSeparation: 0.022
--- !u!4 &534669905
Transform:
  m_ObjectHideFlags: 0
  m_CorrespondingSourceObject: {fileID: 0}
  m_PrefabInternal: {fileID: 0}
  m_GameObject: {fileID: 534669902}
  m_LocalRotation: {x: -0, y: -0, z: -0, w: 1}
  m_LocalPosition: {x: 0, y: 0, z: -24.02}
  m_LocalScale: {x: 1, y: 1, z: 1}
  m_Children: []
  m_Father: {fileID: 0}
  m_RootOrder: 0
  m_LocalEulerAnglesHint: {x: 0, y: 0, z: 0}
--- !u!1 &713335530
GameObject:
  m_ObjectHideFlags: 0
  m_CorrespondingSourceObject: {fileID: 0}
  m_PrefabInternal: {fileID: 0}
  serializedVersion: 6
  m_Component:
  - component: {fileID: 713335531}
  - component: {fileID: 713335532}
  m_Layer: 0
  m_Name: Nodes
  m_TagString: Untagged
  m_Icon: {fileID: 0}
  m_NavMeshLayer: 0
  m_StaticEditorFlags: 0
  m_IsActive: 1
--- !u!4 &713335531
Transform:
  m_ObjectHideFlags: 0
  m_CorrespondingSourceObject: {fileID: 0}
  m_PrefabInternal: {fileID: 0}
  m_GameObject: {fileID: 713335530}
  m_LocalRotation: {x: 0, y: 0, z: 0, w: 1}
  m_LocalPosition: {x: -2.589747, y: 1.9676154, z: 0.43406487}
  m_LocalScale: {x: 1, y: 1, z: 1}
  m_Children:
  - {fileID: 1374590544}
  - {fileID: 1557050507}
  - {fileID: 1295943449}
  - {fileID: 378322494}
  m_Father: {fileID: 0}
  m_RootOrder: 4
  m_LocalEulerAnglesHint: {x: 0, y: 0, z: 0}
--- !u!114 &713335532
MonoBehaviour:
  m_ObjectHideFlags: 0
  m_CorrespondingSourceObject: {fileID: 0}
  m_PrefabInternal: {fileID: 0}
  m_GameObject: {fileID: 713335530}
  m_Enabled: 1
  m_EditorHideFlags: 0
  m_Script: {fileID: 11500000, guid: 75d645a9db6ba4fcea4d8d4a2ab8d453, type: 3}
  m_Name: 
  m_EditorClassIdentifier: 
  secondsBetweenSpawning: 0.2
  xMinimumVariation: -3
  xMaximumVariation: 3
  yMinimumVariation: -3
  yMaximumVariation: 3
  zMinimumVariation: -2
  zMaximumVariation: 2
  minimumSize: 4
  maximumSize: 8
  nodeTypesMaterials:
  - {fileID: 2100000, guid: a0802c0068c804dcca01c08ba8ccb94d, type: 2}
  - {fileID: 2100000, guid: 84889e4d55bea454a81ebb5b2103edbc, type: 2}
  - {fileID: 2100000, guid: fe1dce7960b1747dfb1fbd54510117bf, type: 2}
  - {fileID: 2100000, guid: a7e8844feb2b742559f5da52a2c6942f, type: 2}
  nodes:
  - {fileID: 1374590545}
  - {fileID: 1557050508}
  - {fileID: 1295943450}
  - {fileID: 378322495}
--- !u!1 &929795507
GameObject:
  m_ObjectHideFlags: 0
  m_CorrespondingSourceObject: {fileID: 1306214137528458, guid: d2cb35ca6bf334f46abcfd3a2d018c0f,
    type: 2}
  m_PrefabInternal: {fileID: 0}
  serializedVersion: 6
  m_Component:
  - component: {fileID: 929795508}
  - component: {fileID: 929795510}
  - component: {fileID: 929795509}
  m_Layer: 0
  m_Name: EventSystem
  m_TagString: Untagged
  m_Icon: {fileID: 0}
  m_NavMeshLayer: 0
  m_StaticEditorFlags: 0
  m_IsActive: 1
--- !u!4 &929795508
Transform:
  m_ObjectHideFlags: 0
  m_CorrespondingSourceObject: {fileID: 4389254859503068, guid: d2cb35ca6bf334f46abcfd3a2d018c0f,
    type: 2}
  m_PrefabInternal: {fileID: 0}
  m_GameObject: {fileID: 929795507}
  m_LocalRotation: {x: -0, y: -0, z: -0, w: 1}
  m_LocalPosition: {x: 0, y: 0, z: 0}
  m_LocalScale: {x: 1, y: 1, z: 1}
  m_Children: []
  m_Father: {fileID: 505201734}
  m_RootOrder: 1
  m_LocalEulerAnglesHint: {x: 0, y: 0, z: 0}
--- !u!114 &929795509
MonoBehaviour:
  m_ObjectHideFlags: 0
  m_CorrespondingSourceObject: {fileID: 114014789995942896, guid: d2cb35ca6bf334f46abcfd3a2d018c0f,
    type: 2}
  m_PrefabInternal: {fileID: 0}
  m_GameObject: {fileID: 929795507}
  m_Enabled: 1
  m_EditorHideFlags: 0
  m_Script: {fileID: 1077351063, guid: f70555f144d8491a825f0804e09c671c, type: 3}
  m_Name: 
  m_EditorClassIdentifier: 
  m_HorizontalAxis: Horizontal
  m_VerticalAxis: Vertical
  m_SubmitButton: Submit
  m_CancelButton: Cancel
  m_InputActionsPerSecond: 10
  m_RepeatDelay: 0.5
  m_ForceModuleActive: 0
--- !u!114 &929795510
MonoBehaviour:
  m_ObjectHideFlags: 0
  m_CorrespondingSourceObject: {fileID: 114891596028356356, guid: d2cb35ca6bf334f46abcfd3a2d018c0f,
    type: 2}
  m_PrefabInternal: {fileID: 0}
  m_GameObject: {fileID: 929795507}
  m_Enabled: 1
  m_EditorHideFlags: 0
  m_Script: {fileID: -619905303, guid: f70555f144d8491a825f0804e09c671c, type: 3}
  m_Name: 
  m_EditorClassIdentifier: 
  m_FirstSelected: {fileID: 0}
  m_sendNavigationEvents: 1
  m_DragThreshold: 10
--- !u!1001 &1295943448
Prefab:
  m_ObjectHideFlags: 0
  serializedVersion: 2
  m_Modification:
    m_TransformParent: {fileID: 713335531}
    m_Modifications:
    - target: {fileID: 4199323770367042, guid: 2bcb19245a7924f86922f92f42a2ebb1, type: 2}
      propertyPath: m_LocalPosition.x
      value: -9.35
      objectReference: {fileID: 0}
    - target: {fileID: 4199323770367042, guid: 2bcb19245a7924f86922f92f42a2ebb1, type: 2}
      propertyPath: m_LocalPosition.y
      value: -8.39
      objectReference: {fileID: 0}
    - target: {fileID: 4199323770367042, guid: 2bcb19245a7924f86922f92f42a2ebb1, type: 2}
      propertyPath: m_LocalPosition.z
      value: -0.43406487
      objectReference: {fileID: 0}
    - target: {fileID: 4199323770367042, guid: 2bcb19245a7924f86922f92f42a2ebb1, type: 2}
      propertyPath: m_LocalRotation.x
      value: -0
      objectReference: {fileID: 0}
    - target: {fileID: 4199323770367042, guid: 2bcb19245a7924f86922f92f42a2ebb1, type: 2}
      propertyPath: m_LocalRotation.y
      value: -0
      objectReference: {fileID: 0}
    - target: {fileID: 4199323770367042, guid: 2bcb19245a7924f86922f92f42a2ebb1, type: 2}
      propertyPath: m_LocalRotation.z
      value: -0
      objectReference: {fileID: 0}
    - target: {fileID: 4199323770367042, guid: 2bcb19245a7924f86922f92f42a2ebb1, type: 2}
      propertyPath: m_LocalRotation.w
      value: 1
      objectReference: {fileID: 0}
    - target: {fileID: 4199323770367042, guid: 2bcb19245a7924f86922f92f42a2ebb1, type: 2}
      propertyPath: m_RootOrder
      value: 2
      objectReference: {fileID: 0}
    - target: {fileID: 1167100373942564, guid: 2bcb19245a7924f86922f92f42a2ebb1, type: 2}
      propertyPath: m_Name
      value: Node3
      objectReference: {fileID: 0}
    - target: {fileID: 4199323770367042, guid: 2bcb19245a7924f86922f92f42a2ebb1, type: 2}
      propertyPath: m_LocalScale.x
      value: 0.1
      objectReference: {fileID: 0}
    - target: {fileID: 4199323770367042, guid: 2bcb19245a7924f86922f92f42a2ebb1, type: 2}
      propertyPath: m_LocalScale.y
      value: 0.1
      objectReference: {fileID: 0}
    - target: {fileID: 4199323770367042, guid: 2bcb19245a7924f86922f92f42a2ebb1, type: 2}
      propertyPath: m_LocalScale.z
      value: 0.1
      objectReference: {fileID: 0}
    m_RemovedComponents: []
  m_SourcePrefab: {fileID: 100100000, guid: 2bcb19245a7924f86922f92f42a2ebb1, type: 2}
  m_IsPrefabAsset: 0
--- !u!4 &1295943449 stripped
Transform:
  m_CorrespondingSourceObject: {fileID: 4199323770367042, guid: 2bcb19245a7924f86922f92f42a2ebb1,
    type: 2}
  m_PrefabInternal: {fileID: 1295943448}
--- !u!1 &1295943450 stripped
GameObject:
  m_CorrespondingSourceObject: {fileID: 1167100373942564, guid: 2bcb19245a7924f86922f92f42a2ebb1,
    type: 2}
  m_PrefabInternal: {fileID: 1295943448}
--- !u!1001 &1374590543
Prefab:
  m_ObjectHideFlags: 0
  serializedVersion: 2
  m_Modification:
    m_TransformParent: {fileID: 713335531}
    m_Modifications:
    - target: {fileID: 4199323770367042, guid: 2bcb19245a7924f86922f92f42a2ebb1, type: 2}
      propertyPath: m_LocalPosition.x
      value: -9.29
      objectReference: {fileID: 0}
    - target: {fileID: 4199323770367042, guid: 2bcb19245a7924f86922f92f42a2ebb1, type: 2}
      propertyPath: m_LocalPosition.y
      value: 4.76
      objectReference: {fileID: 0}
    - target: {fileID: 4199323770367042, guid: 2bcb19245a7924f86922f92f42a2ebb1, type: 2}
      propertyPath: m_LocalPosition.z
      value: -0.43406487
      objectReference: {fileID: 0}
    - target: {fileID: 4199323770367042, guid: 2bcb19245a7924f86922f92f42a2ebb1, type: 2}
      propertyPath: m_LocalRotation.x
      value: -0
      objectReference: {fileID: 0}
    - target: {fileID: 4199323770367042, guid: 2bcb19245a7924f86922f92f42a2ebb1, type: 2}
      propertyPath: m_LocalRotation.y
      value: -0
      objectReference: {fileID: 0}
    - target: {fileID: 4199323770367042, guid: 2bcb19245a7924f86922f92f42a2ebb1, type: 2}
      propertyPath: m_LocalRotation.z
      value: -0
      objectReference: {fileID: 0}
    - target: {fileID: 4199323770367042, guid: 2bcb19245a7924f86922f92f42a2ebb1, type: 2}
      propertyPath: m_LocalRotation.w
      value: 1
      objectReference: {fileID: 0}
    - target: {fileID: 4199323770367042, guid: 2bcb19245a7924f86922f92f42a2ebb1, type: 2}
      propertyPath: m_RootOrder
      value: 0
      objectReference: {fileID: 0}
    - target: {fileID: 1167100373942564, guid: 2bcb19245a7924f86922f92f42a2ebb1, type: 2}
      propertyPath: m_Name
      value: Node1
      objectReference: {fileID: 0}
    m_RemovedComponents: []
  m_SourcePrefab: {fileID: 100100000, guid: 2bcb19245a7924f86922f92f42a2ebb1, type: 2}
  m_IsPrefabAsset: 0
--- !u!4 &1374590544 stripped
Transform:
  m_CorrespondingSourceObject: {fileID: 4199323770367042, guid: 2bcb19245a7924f86922f92f42a2ebb1,
    type: 2}
  m_PrefabInternal: {fileID: 1374590543}
--- !u!1 &1374590545 stripped
GameObject:
  m_CorrespondingSourceObject: {fileID: 1167100373942564, guid: 2bcb19245a7924f86922f92f42a2ebb1,
    type: 2}
  m_PrefabInternal: {fileID: 1374590543}
--- !u!1 &1450448341
GameObject:
  m_ObjectHideFlags: 0
  m_CorrespondingSourceObject: {fileID: 0}
  m_PrefabInternal: {fileID: 0}
  serializedVersion: 6
  m_Component:
  - component: {fileID: 1450448342}
  - component: {fileID: 1450448343}
  m_Layer: 0
  m_Name: Game Manager
  m_TagString: Untagged
  m_Icon: {fileID: 0}
  m_NavMeshLayer: 0
  m_StaticEditorFlags: 0
  m_IsActive: 1
--- !u!4 &1450448342
Transform:
  m_ObjectHideFlags: 0
  m_CorrespondingSourceObject: {fileID: 0}
  m_PrefabInternal: {fileID: 0}
  m_GameObject: {fileID: 1450448341}
  m_LocalRotation: {x: 0, y: 0, z: 0, w: 1}
  m_LocalPosition: {x: 0, y: 0, z: 0}
  m_LocalScale: {x: 1, y: 1, z: 1}
  m_Children: []
  m_Father: {fileID: 0}
  m_RootOrder: 2
  m_LocalEulerAnglesHint: {x: 0, y: 0, z: 0}
--- !u!114 &1450448343
MonoBehaviour:
  m_ObjectHideFlags: 0
  m_CorrespondingSourceObject: {fileID: 0}
  m_PrefabInternal: {fileID: 0}
  m_GameObject: {fileID: 1450448341}
  m_Enabled: 1
  m_EditorHideFlags: 0
  m_Script: {fileID: 11500000, guid: 8396367f551e84e88ae5a3d242d73e5c, type: 3}
  m_Name: 
  m_EditorClassIdentifier: 
  linkPrefab: {fileID: 1204281006738504, guid: c9502c5b8524d41a1a05328c68ef9467, type: 2}
  clockDisplay: {fileID: 504767505}
  levelDisplay: {fileID: 319039197}
  restartButton: {fileID: 208328126}
  nextLevelButton: {fileID: 532749245}
  outline: {fileID: 1974211610}
  waveSFX: {fileID: 8300000, guid: e2f86d7b39c5f40d5a72d58f92f077b7, type: 3}
  gameOverSFX: {fileID: 8300000, guid: 70730088402224ec3988b31bea112121, type: 3}
  mainCamera: {fileID: 534669904}
  initialClockTicks: 32
  ticksPerWave: 4
  secondsBetweenTicks: 1
  revealDuration: 0.5
  thisLevel: 1
--- !u!1001 &1557050506
Prefab:
  m_ObjectHideFlags: 0
  serializedVersion: 2
  m_Modification:
    m_TransformParent: {fileID: 713335531}
    m_Modifications:
    - target: {fileID: 4199323770367042, guid: 2bcb19245a7924f86922f92f42a2ebb1, type: 2}
      propertyPath: m_LocalPosition.x
      value: 12.04
      objectReference: {fileID: 0}
    - target: {fileID: 4199323770367042, guid: 2bcb19245a7924f86922f92f42a2ebb1, type: 2}
      propertyPath: m_LocalPosition.y
      value: 4.76
      objectReference: {fileID: 0}
    - target: {fileID: 4199323770367042, guid: 2bcb19245a7924f86922f92f42a2ebb1, type: 2}
      propertyPath: m_LocalPosition.z
      value: -0.43406487
      objectReference: {fileID: 0}
    - target: {fileID: 4199323770367042, guid: 2bcb19245a7924f86922f92f42a2ebb1, type: 2}
      propertyPath: m_LocalRotation.x
      value: -0
      objectReference: {fileID: 0}
    - target: {fileID: 4199323770367042, guid: 2bcb19245a7924f86922f92f42a2ebb1, type: 2}
      propertyPath: m_LocalRotation.y
      value: -0
      objectReference: {fileID: 0}
    - target: {fileID: 4199323770367042, guid: 2bcb19245a7924f86922f92f42a2ebb1, type: 2}
      propertyPath: m_LocalRotation.z
      value: -0
      objectReference: {fileID: 0}
    - target: {fileID: 4199323770367042, guid: 2bcb19245a7924f86922f92f42a2ebb1, type: 2}
      propertyPath: m_LocalRotation.w
      value: 1
      objectReference: {fileID: 0}
    - target: {fileID: 4199323770367042, guid: 2bcb19245a7924f86922f92f42a2ebb1, type: 2}
      propertyPath: m_RootOrder
      value: 1
      objectReference: {fileID: 0}
    - target: {fileID: 1167100373942564, guid: 2bcb19245a7924f86922f92f42a2ebb1, type: 2}
      propertyPath: m_Name
      value: Node2
      objectReference: {fileID: 0}
    - target: {fileID: 4199323770367042, guid: 2bcb19245a7924f86922f92f42a2ebb1, type: 2}
      propertyPath: m_LocalScale.x
      value: 0.1
      objectReference: {fileID: 0}
    - target: {fileID: 4199323770367042, guid: 2bcb19245a7924f86922f92f42a2ebb1, type: 2}
      propertyPath: m_LocalScale.y
      value: 0.1
      objectReference: {fileID: 0}
    - target: {fileID: 4199323770367042, guid: 2bcb19245a7924f86922f92f42a2ebb1, type: 2}
      propertyPath: m_LocalScale.z
      value: 0.1
      objectReference: {fileID: 0}
    m_RemovedComponents: []
  m_SourcePrefab: {fileID: 100100000, guid: 2bcb19245a7924f86922f92f42a2ebb1, type: 2}
  m_IsPrefabAsset: 0
--- !u!4 &1557050507 stripped
Transform:
  m_CorrespondingSourceObject: {fileID: 4199323770367042, guid: 2bcb19245a7924f86922f92f42a2ebb1,
    type: 2}
  m_PrefabInternal: {fileID: 1557050506}
--- !u!1 &1557050508 stripped
GameObject:
  m_CorrespondingSourceObject: {fileID: 1167100373942564, guid: 2bcb19245a7924f86922f92f42a2ebb1,
    type: 2}
  m_PrefabInternal: {fileID: 1557050506}
--- !u!1 &1736952554
GameObject:
  m_ObjectHideFlags: 0
  m_CorrespondingSourceObject: {fileID: 1037802152607808, guid: d2cb35ca6bf334f46abcfd3a2d018c0f,
    type: 2}
  m_PrefabInternal: {fileID: 0}
  serializedVersion: 6
  m_Component:
  - component: {fileID: 1736952555}
  - component: {fileID: 1736952557}
  - component: {fileID: 1736952556}
  m_Layer: 5
  m_Name: Label
  m_TagString: Untagged
  m_Icon: {fileID: 0}
  m_NavMeshLayer: 0
  m_StaticEditorFlags: 0
  m_IsActive: 1
--- !u!224 &1736952555
RectTransform:
  m_ObjectHideFlags: 0
  m_CorrespondingSourceObject: {fileID: 224882651434365836, guid: d2cb35ca6bf334f46abcfd3a2d018c0f,
    type: 2}
  m_PrefabInternal: {fileID: 0}
  m_GameObject: {fileID: 1736952554}
  m_LocalRotation: {x: 0, y: 0, z: 0, w: 1}
  m_LocalPosition: {x: 0, y: 0, z: 0}
  m_LocalScale: {x: 1, y: 1, z: 1}
  m_Children: []
  m_Father: {fileID: 208328125}
  m_RootOrder: 0
  m_LocalEulerAnglesHint: {x: 0, y: 0, z: 0}
  m_AnchorMin: {x: 0.5, y: 0.5}
  m_AnchorMax: {x: 0.5, y: 0.5}
  m_AnchoredPosition: {x: 0, y: 0}
  m_SizeDelta: {x: 160, y: 44}
  m_Pivot: {x: 0.5, y: 0.5}
--- !u!114 &1736952556
MonoBehaviour:
  m_ObjectHideFlags: 0
  m_CorrespondingSourceObject: {fileID: 114004281651150794, guid: d2cb35ca6bf334f46abcfd3a2d018c0f,
    type: 2}
  m_PrefabInternal: {fileID: 0}
  m_GameObject: {fileID: 1736952554}
  m_Enabled: 1
  m_EditorHideFlags: 0
  m_Script: {fileID: 708705254, guid: f70555f144d8491a825f0804e09c671c, type: 3}
  m_Name: 
  m_EditorClassIdentifier: 
  m_Material: {fileID: 0}
  m_Color: {r: 1, g: 1, b: 1, a: 1}
  m_RaycastTarget: 1
  m_OnCullStateChanged:
    m_PersistentCalls:
      m_Calls: []
    m_TypeName: UnityEngine.UI.MaskableGraphic+CullStateChangedEvent, UnityEngine.UI,
      Version=1.0.0.0, Culture=neutral, PublicKeyToken=null
  m_FontData:
    m_Font: {fileID: 10102, guid: 0000000000000000e000000000000000, type: 0}
    m_FontSize: 24
    m_FontStyle: 0
    m_BestFit: 0
    m_MinSize: 0
    m_MaxSize: 40
    m_Alignment: 4
    m_AlignByGeometry: 0
    m_RichText: 0
    m_HorizontalOverflow: 0
    m_VerticalOverflow: 0
    m_LineSpacing: 1
  m_Text: Restart
--- !u!222 &1736952557
CanvasRenderer:
  m_ObjectHideFlags: 0
  m_CorrespondingSourceObject: {fileID: 222477138094921384, guid: d2cb35ca6bf334f46abcfd3a2d018c0f,
    type: 2}
  m_PrefabInternal: {fileID: 0}
  m_GameObject: {fileID: 1736952554}
  m_CullTransparentMesh: 0
--- !u!1 &1855950384
GameObject:
  m_ObjectHideFlags: 0
  m_CorrespondingSourceObject: {fileID: 1406888799188064, guid: d2cb35ca6bf334f46abcfd3a2d018c0f,
    type: 2}
  m_PrefabInternal: {fileID: 0}
  serializedVersion: 6
  m_Component:
  - component: {fileID: 1855950385}
  - component: {fileID: 1855950387}
  - component: {fileID: 1855950386}
  m_Layer: 5
  m_Name: Label
  m_TagString: Untagged
  m_Icon: {fileID: 0}
  m_NavMeshLayer: 0
  m_StaticEditorFlags: 0
  m_IsActive: 1
--- !u!224 &1855950385
RectTransform:
  m_ObjectHideFlags: 0
  m_CorrespondingSourceObject: {fileID: 224609213350687772, guid: d2cb35ca6bf334f46abcfd3a2d018c0f,
    type: 2}
  m_PrefabInternal: {fileID: 0}
  m_GameObject: {fileID: 1855950384}
  m_LocalRotation: {x: 0, y: 0, z: 0, w: 1}
  m_LocalPosition: {x: 0, y: 0, z: 0}
  m_LocalScale: {x: 1, y: 1, z: 1}
  m_Children: []
  m_Father: {fileID: 532749244}
  m_RootOrder: 0
  m_LocalEulerAnglesHint: {x: 0, y: 0, z: 0}
  m_AnchorMin: {x: 0.5, y: 0.5}
  m_AnchorMax: {x: 0.5, y: 0.5}
  m_AnchoredPosition: {x: 0, y: 0}
  m_SizeDelta: {x: 160, y: 44}
  m_Pivot: {x: 0.5, y: 0.5}
--- !u!114 &1855950386
MonoBehaviour:
  m_ObjectHideFlags: 0
  m_CorrespondingSourceObject: {fileID: 114668606272280004, guid: d2cb35ca6bf334f46abcfd3a2d018c0f,
    type: 2}
  m_PrefabInternal: {fileID: 0}
  m_GameObject: {fileID: 1855950384}
  m_Enabled: 1
  m_EditorHideFlags: 0
  m_Script: {fileID: 708705254, guid: f70555f144d8491a825f0804e09c671c, type: 3}
  m_Name: 
  m_EditorClassIdentifier: 
  m_Material: {fileID: 0}
  m_Color: {r: 1, g: 1, b: 1, a: 1}
  m_RaycastTarget: 1
  m_OnCullStateChanged:
    m_PersistentCalls:
      m_Calls: []
    m_TypeName: UnityEngine.UI.MaskableGraphic+CullStateChangedEvent, UnityEngine.UI,
      Version=1.0.0.0, Culture=neutral, PublicKeyToken=null
  m_FontData:
    m_Font: {fileID: 10102, guid: 0000000000000000e000000000000000, type: 0}
    m_FontSize: 24
    m_FontStyle: 0
    m_BestFit: 0
    m_MinSize: 0
    m_MaxSize: 40
    m_Alignment: 4
    m_AlignByGeometry: 0
    m_RichText: 0
    m_HorizontalOverflow: 0
    m_VerticalOverflow: 0
    m_LineSpacing: 1
  m_Text: Next Level
--- !u!222 &1855950387
CanvasRenderer:
  m_ObjectHideFlags: 0
  m_CorrespondingSourceObject: {fileID: 222562635056818418, guid: d2cb35ca6bf334f46abcfd3a2d018c0f,
    type: 2}
  m_PrefabInternal: {fileID: 0}
  m_GameObject: {fileID: 1855950384}
  m_CullTransparentMesh: 0
--- !u!1 &1974211610
GameObject:
  m_ObjectHideFlags: 0
  m_CorrespondingSourceObject: {fileID: 0}
  m_PrefabInternal: {fileID: 0}
  serializedVersion: 6
  m_Component:
  - component: {fileID: 1974211611}
  - component: {fileID: 1974211613}
  - component: {fileID: 1974211612}
  m_Layer: 5
  m_Name: Selection Box
  m_TagString: Untagged
  m_Icon: {fileID: 0}
  m_NavMeshLayer: 0
  m_StaticEditorFlags: 0
  m_IsActive: 0
--- !u!224 &1974211611
RectTransform:
  m_ObjectHideFlags: 0
  m_CorrespondingSourceObject: {fileID: 0}
  m_PrefabInternal: {fileID: 0}
  m_GameObject: {fileID: 1974211610}
  m_LocalRotation: {x: -0, y: -0, z: -0, w: 1}
  m_LocalPosition: {x: 0, y: 0, z: 0}
  m_LocalScale: {x: 1, y: 1, z: 1}
  m_Children: []
  m_Father: {fileID: 152959158}
  m_RootOrder: 2
  m_LocalEulerAnglesHint: {x: 0, y: 0, z: 0}
  m_AnchorMin: {x: 0.5, y: 0.5}
  m_AnchorMax: {x: 0.5, y: 0.5}
  m_AnchoredPosition: {x: -373, y: -168}
  m_SizeDelta: {x: 100, y: 100}
  m_Pivot: {x: 0.5, y: 0.5}
--- !u!114 &1974211612
MonoBehaviour:
  m_ObjectHideFlags: 0
  m_CorrespondingSourceObject: {fileID: 0}
  m_PrefabInternal: {fileID: 0}
  m_GameObject: {fileID: 1974211610}
  m_Enabled: 1
  m_EditorHideFlags: 0
  m_Script: {fileID: -765806418, guid: f70555f144d8491a825f0804e09c671c, type: 3}
  m_Name: 
  m_EditorClassIdentifier: 
  m_Material: {fileID: 0}
  m_Color: {r: 0.5, g: 0.5, b: 0.5, a: 1}
  m_RaycastTarget: 1
  m_OnCullStateChanged:
    m_PersistentCalls:
      m_Calls: []
    m_TypeName: UnityEngine.UI.MaskableGraphic+CullStateChangedEvent, UnityEngine.UI,
      Version=1.0.0.0, Culture=neutral, PublicKeyToken=null
  m_Sprite: {fileID: 21300000, guid: a9af05a95497f4f348d24400bad62a87, type: 3}
  m_Type: 2
  m_PreserveAspect: 0
  m_FillCenter: 0
  m_FillMethod: 4
  m_FillAmount: 1
  m_FillClockwise: 1
  m_FillOrigin: 0
--- !u!222 &1974211613
CanvasRenderer:
  m_ObjectHideFlags: 0
  m_CorrespondingSourceObject: {fileID: 0}
  m_PrefabInternal: {fileID: 0}
  m_GameObject: {fileID: 1974211610}
  m_CullTransparentMesh: 0
